 @article{lamport_1998, 
  title={The part-time Parliament}, 
  volume={16}, 
  DOI={10.1145/279227.279229}, 
  number={2}, 
  journal={ACM Transactions on Computer Systems}, 
  author={Lamport, Leslie}, 
  year={1998}, 
  pages={133:169}
}
@inproceedings{10.5555/2643634.2643666,
author = {Ongaro, Diego and Ousterhout, John},
title = {In Search of an Understandable Consensus Algorithm},
year = {2014},
isbn = {9781931971102},
publisher = {USENIX Association},
booktitle = {Proceedings of the 2014 USENIX Conference on USENIX Annual Technical Conference},
pages = {305:320},
numpages = {16},
series = {USENIX ATC'14}
}

@article{DBLP:journals/corr/HowardMS16,
  author    = {Heidi Howard and
               Dahlia Malkhi and
               Alexander Spiegelman},
  title     = {Flexible Paxos: Quorum intersection revisited},
  journal   = {CoRR},
  volume    = {abs/1608.06696},
  year      = {2016},
  url       = {http://arxiv.org/abs/1608.06696},
  eprinttype = {arXiv},
  eprint    = {1608.06696},
  timestamp = {Mon, 13 Aug 2018 16:47:25 +0200},
  biburl    = {https://dblp.org/rec/journals/corr/HowardMS16.bib},
  bibsource = {dblp computer science bibliography, https://dblp.org}
}

@misc{howard_2021, title={Simplifying raft with chaining}, url={https://decentralizedthoughts.github.io/2021-07-17-simplifying-raft-with-chaining/#:~:text=Raft%20is%20a%20consensus%20algorithm,protocol%20still%20require%20careful%20treatment}, journal={Decentralized thoughts about decentralization}, publisher={Decentralized Thoughts}, author={Howard, Heidi}, year={2021}, month={Jul}} 
@misc{nakamoto2012bitcoin,
  added-at = {2014-04-17T08:33:06.000+0200},
  author = {Nakamoto, Satoshi},
  biburl = {https://www.bibsonomy.org/bibtex/23db66df0fc9fa2b5033f096a901f1c36/ngnn},
  interhash = {423c2cdff70ba0cd0bca55ebb164d770},
  intrahash = {3db66df0fc9fa2b5033f096a901f1c36},
  keywords = {imported},
  timestamp = {2014-04-17T08:33:06.000+0200},
  title = {Bitcoin: A peer-to-peer electronic cash system},
  url = {http://www.bitcoin.org/bitcoin.pdf},
  year = {2009}
}





